<record xmlns="http://www.openarchives.org/OAI/2.0/" xmlns:xsi="http://www.w3.org/2001/XMLSchema-instance"><header><identifier>oai:alma.34CSIC_INST:9917840298904201</identifier><datestamp>2020-03-05T10:57:15Z</datestamp><setSpec>manuscripta</setSpec></header><metadata><record xmlns="http://www.loc.gov/MARC21/slim" xmlns:xsi="http://www.w3.org/2001/XMLSchema-instance" xsi:schemaLocation="http://www.loc.gov/MARC21/slim http://www.loc.gov/standards/marcxml/schema/MARC21slim.xsd"><leader>06446ntm a2200481 i 4500</leader><controlfield tag="005">20200305114819.0</controlfield><controlfield tag="008">101028sn       sp            000 0 ara d</controlfield><controlfield tag="001">9917840298904201</controlfield><datafield tag="035" ind1=" " ind2=" "><subfield code="a">CSIC9917840298904201</subfield></datafield><datafield tag="035" ind1=" " ind2=" "><subfield code="a">(OCoLC)1123875114</subfield></datafield><datafield tag="040" ind1=" " ind2=" "><subfield code="a">ES-MaCSI</subfield><subfield code="b">spa</subfield></datafield><datafield tag="245" ind1="1" ind2="0"><subfield code="a">Testimonio sobre el reparto de parte de la herencia de Zahr al-Riyāḍ, en el que consta cómo el sultán Muḥammad IX el Zurdo dona a su hija Umm al-Fatḥ la parte que le habría correspondido en esa herencia de la alquería de Ṣujayra (Zujaira).</subfield><subfield code="h">[‭Manuscrito]</subfield></datafield><datafield tag="260" ind1=" " ind2=" "><subfield code="a">[Granada],</subfield><subfield code="c">898 [1493].</subfield></datafield><datafield tag="300" ind1=" " ind2=" "><subfield code="a">1  f. ;</subfield><subfield code="c">36 X 28 cm.</subfield></datafield><datafield tag="490" ind1="1" ind2=" "><subfield code="a">Manuscripta</subfield></datafield><datafield tag="546" ind1=" " ind2=" "><subfield code="a">Árabe</subfield><subfield code="b">Escritura magrebí</subfield></datafield><datafield tag="500" ind1=" " ind2=" "><subfield code="a">Distribución: 1 col., 16 líneas</subfield></datafield><datafield tag="500" ind1=" " ind2=" "><subfield code="a">Material: Pergamino</subfield></datafield><datafield tag="500" ind1=" " ind2=" "><subfield code="a">Tinta: Negra</subfield></datafield><datafield tag="500" ind1=" " ind2=" "><subfield code="a">أوله : الحمد للّه ممّن يعلم أنّ السيّدة الحرّة المعظّمة الطاهرة الزكيّة زهر الرياض ابنة القائد المعظّم الخطير المقدّس المرحوم أبي السرور مفرّج مولى المقام العليّ  أسماه اللّه  توفّيت  رحمها اللّه</subfield></datafield><datafield tag="500" ind1=" " ind2=" "><subfield code="a">آخره :  وقيّد بذلك شهادته في اليوم الرابع عشر لشهر ربيع  الاخر الذي من عام ثمانية وتسعين وثمان مائة عرّف اللّه خيره بمنّه وكرمه</subfield></datafield><datafield tag="500" ind1=" " ind2=" "><subfield code="a">En el verso aparece escrito "Arabigo n 2"</subfield></datafield><datafield tag="518" ind1=" " ind2=" "><subfield code="a">14 de rabīʽ II de 898 / 2 de febrero de 1493</subfield></datafield><datafield tag="525" ind1=" " ind2=" "><subfield code="a">Acompañan al documento dos folios mecanografiados describiendo su contenido. Está escrito a lápiz "Díaz" y tiene anotaciones y correcciones manuscritas. También hay fotocopia de: Seco de Lucena, L. La familia de Muhammad X el Cojo, rey de Granada.- Al-Andalus XI (1946), 379-387; Seco de Lucena, L. La sultana madre de Boabdil Al-Andalus XII (1947), 359-390</subfield></datafield><datafield tag="541" ind1=" " ind2=" "><subfield code="a">Procedencia: Archivo de la Escuela de Estudios Árabes.</subfield></datafield><datafield tag="545" ind1=" " ind2=" "><subfield code="a">Después de la conquista, este procedimiento se hizo necesario para muchos musulmanes que quisieron vender sus propiedades inmuebles, justificando así la legalidad de su posesión. Mediante este documento podemos ver que este procedimiento legal incluía también a las mujeres de la familia real nazarí, como era Umm al-Fatḥ</subfield></datafield><datafield tag="545" ind1=" " ind2=" "><subfield code="a">El profesor Josef Ženka (Charles University, Prague, Institute of Near Eastern and African Studies) ha identificado el nombre del segundo alfaquí que firma el documento. Se trata de Muḥammad b. Abī `Amr b. Manẓūr. al-Qaysī, hijo del juez supremo (qāḍī l-ŷamāʿa) de Granada</subfield></datafield><datafield tag="545" ind1=" " ind2=" "><subfield code="a">Este documento fue editado y traducido por Luis Seco de Lucena Paredes -director de la Escuela de Estudios Árabes entre 1943 y 1971- en el volumen XI (1946) de la revista Al-Andalus</subfield></datafield><datafield tag="581" ind1=" " ind2=" "><subfield code="a">Seco de Lucena Paredes, Luis. La familia de Muhammad X el Cojo, rey de Granada.- Al-Andalus XI (1946), 379-387</subfield></datafield><datafield tag="581" ind1=" " ind2=" "><subfield code="a">Seco de Lucena Paredes, Luis. La sultana madre de Boabdil.- Al-Andalus XII (1947), 359-390</subfield></datafield><datafield tag="581" ind1=" " ind2=" "><subfield code="a">Peláez Rovira, Antonio. La política de alianzas matrimoniales en el Reino Nazarí: el caso de Zahr al-Riyāḍ (s. XV).- Miscelánea de estudios árabes y hebraicos. Sección árabe-islam 56 (2007), 205-223</subfield></datafield><datafield tag="581" ind1=" " ind2=" "><subfield code="a">Vidal Castro, Francisco. Un tipo de manuscritos “documentales”: las escrituras árabes notariales en al-Andalus naṣrí (s. XIII-XVI). En: Manuscritos: papel, técnicas y dimensión cultural / IV Primavera del Manuscrito Andalusí ; editor científico, Mostafa Ammadi.- Casablanca: Universidad Hassan II, Facultad de Letras y Ciencias Humanas, 2012, 23-57.</subfield></datafield><datafield tag="583" ind1=" " ind2=" "><subfield code="a">Catalogación de María Dolores Rodríguez (UGR) y Amalia Zomeño (ILC, CSIC) en el marco del proyecto de investigación "La Granada nazarí en el siglo XV: microhistoria de una entidad islámica en Occidente" (FFI2016-79252-P), AEI/FEDER, EU, dirigido desde la Escuela de Estudios Árabes</subfield></datafield><datafield tag="588" ind1=" " ind2=" "><subfield code="a">Se encontraba en una carpeta con el título: Colección del "Marqués de Villaalegre" después "Eguílaz" y después "Díaz"</subfield></datafield><datafield tag="650" ind1=" " ind2="7"><subfield code="a">Herencia y sucesión</subfield><subfield code="z">Granada (Reino)</subfield><subfield code="y">14..</subfield><subfield code="2">CSICAU</subfield></datafield><datafield tag="651" ind1=" " ind2="7"><subfield code="a">Granada (Reino)</subfield><subfield code="x">Historia</subfield><subfield code="y">14..</subfield><subfield code="v">Fuentes.</subfield><subfield code="2">CSICAU</subfield></datafield><datafield tag="651" ind1=" " ind2="7"><subfield code="a">Granada (Reino)</subfield><subfield code="x">Reyes y soberanos</subfield><subfield code="y">14..</subfield><subfield code="2">CSICAU</subfield></datafield><datafield tag="650" ind1=" " ind2="7"><subfield code="a">Documentos árabes</subfield><subfield code="z">Granada (Reino)</subfield><subfield code="y">14..</subfield><subfield code="2">CSICAU</subfield></datafield><datafield tag="650" ind1=" " ind2="7"><subfield code="a">Protocolos notariales</subfield><subfield code="z">Granada (Reino)</subfield><subfield code="y">14..</subfield><subfield code="2">CSICAU</subfield></datafield><datafield tag="650" ind1=" " ind2="7"><subfield code="a">Nazaríes</subfield><subfield code="x">Historia</subfield><subfield code="v">Fuentes</subfield><subfield code="2">CSICAU</subfield></datafield><datafield tag="773" ind1="1" ind2=" "><subfield code="w">9917876698104201</subfield><subfield code="t">Documentos árabes</subfield><subfield code="h">[Manuscrito]</subfield></datafield><datafield tag="830" ind1=" " ind2="0"><subfield code="a">Manuscripta</subfield></datafield><datafield tag="856" ind1="4" ind2="1"><subfield code="u">http://simurg.bibliotecas.csic.es/viewer/image/9917840298904201/1/LOG_0000/</subfield><subfield code="z">Ver texto completo en SIMURG, el portal de fondos digitalizados del CSIC</subfield></datafield></record></metadata></record>